@book{Russell:2009:AIM:1671238,
	author = {Russell, Stuart and Norvig, Peter},
	title = {Artificial Intelligence: A Modern Approach},
	year = {2009},
	isbn = {0136042597, 9780136042594},
	edition = {3rd},
	publisher = {Prentice Hall Press},
	address = {Upper Saddle River, NJ, USA},
} 

@book{Prince:2012:CVM:2344089,
	author = {Prince, Simon J. D.},
	title = {Computer Vision: Models, Learning, and Inference},
	year = {2012},
	isbn = {1107011795, 9781107011793},
	edition = {1st},
	publisher = {Cambridge University Press},
	address = {New York, NY, USA},
} 

@book{Getoor:2007:ISR:1296231,
	author = {Getoor, Lise and Taskar, Ben},
	title = {Introduction to Statistical Relational Learning (Adaptive Computation and Machine Learning)},
	year = {2007},
	isbn = {0262072882},
	publisher = {The MIT Press},
} 

@misc{Freeman13,
	author        = {Freeman, Bill  and Torralba, Antonio },
	title         = {Lecture 7: graphical models and belief propagation},
	month         = {September},
	year          = {2013},
}

@misc{Ng,
	author        = {Ng, Andrew},
	title         = {CS229 Lecture notes: The {EM} Algorithm},
}

@article{Richardson:2006:MLN:1113907.1113910,
	author = {Richardson, Matthew and Domingos, Pedro},
	title = {Markov Logic Networks},
	journal = {Mach. Learn.},
	issue_date = {February  2006},
	volume = {62},
	number = {1-2},
	month = feb,
	year = {2006},
	issn = {0885-6125},
	pages = {107--136},
	numpages = {30},
	url = {http://dx.doi.org/10.1007/s10994-006-5833-1},
	doi = {10.1007/s10994-006-5833-1},
	acmid = {1113910},
	publisher = {Kluwer Academic Publishers},
	address = {Hingham, MA, USA},
} 

@inproceedings{Sato:1997:PLS:1622270.1622348,
	author = {Sato, Taisuke and Kameya, Yoshitaka},
	title = {PRISM: A Language for Symbolic-statistical Modeling},
	booktitle = {Proceedings of the Fifteenth International Joint Conference on Artifical Intelligence - Volume 2},
	series = {IJCAI'97},
	year = {1997},
	isbn = {1-555860-480-4},
	location = {Nagoya, Japan},
	pages = {1330--1335},
	numpages = {6},
	url = {http://dl.acm.org/citation.cfm?id=1622270.1622348},
	acmid = {1622348},
	publisher = {Morgan Kaufmann Publishers Inc.},
	address = {San Francisco, CA, USA},
} 

@inproceedings{DeRaedt:2007:PPP:1625275.1625673,
	author = {De Raedt, Luc and Kimmig, Angelika and Toivonen, Hannu},
	title = {ProbLog: A Probabilistic Prolog and Its Application in Link Discovery},
	booktitle = {Proceedings of the 20th International Joint Conference on Artifical Intelligence},
	series = {IJCAI'07},
	year = {2007},
	location = {Hyderabad, India},
	pages = {2468--2473},
	numpages = {6},
	url = {http://dl.acm.org/citation.cfm?id=1625275.1625673},
	acmid = {1625673},
	publisher = {Morgan Kaufmann Publishers Inc.},
	address = {San Francisco, CA, USA},
}

@INPROCEEDINGS{Muggleton96stochasticlogic,
	author = {Stephen Muggleton},
	title = {Stochastic Logic Programs},
	booktitle = {New Generation Computing},
	year = {1996},
	publisher = {Academic Press}
}

@INPROCEEDINGS{Sato95astatistical,
	author = {Taisuke Sato},
	title = {A Statistical Learning Method for Logic Programs with Distribution Semantics},
	booktitle = {In Proceedings of the 12th International Conference on Logic Programming (ICLP'95)},
	year = {1995},
	pages = {715--729},
	publisher = {MIT Press}
}

@article{DeRaedt:2015:PPC:2812521.2812529,
	author = {De Raedt, Luc and Kimmig, Angelika},
	title = {Probabilistic (Logic) Programming Concepts},
	journal = {Mach. Learn.},
	issue_date = {July      2015},
	volume = {100},
	number = {1},
	month = jul,
	year = {2015},
	issn = {0885-6125},
	pages = {5--47},
	numpages = {43},
	url = {http://dx.doi.org/10.1007/s10994-015-5494-z},
	doi = {10.1007/s10994-015-5494-z},
	acmid = {2812529},
	publisher = {Kluwer Academic Publishers},
	address = {Hingham, MA, USA},
	keywords = {Inference in probabilistic languages, Probabilistic logic programming, Probabilistic programming languages, Statistical relational learning},
} 

@manual{prism,
	author = {Sato, Taisuke  and Zhou, Neng-Fa and Kameya, Yoshitaka and Izumi, Yusuke and Kubota, Keiichi  and Kojima, Ryosuke },
	title = {PRISM Userâ€™s Manual},
	date = {2017},
	language = {English},
	version = {Version 2.3},
}

@ARTICLE{Kersting06logicalhidden,
	author = {Kristian Kersting and Luc De Raedt and Tapani Raiko},
	title = {Logical hidden {Markov} models},
	journal = {Journal of Artificial Intelligence Research},
	year = {2006},
	volume = {25},
	pages = {2006}
}

@inproceedings{Mikolov:2013:DRW:2999792.2999959,
	author = {Mikolov, Tomas and Sutskever, Ilya and Chen, Kai and Corrado, Greg and Dean, Jeffrey},
	title = {Distributed Representations of Words and Phrases and Their Compositionality},
	booktitle = {Proceedings of the 26th International Conference on Neural Information Processing Systems - Volume 2},
	series = {NIPS'13},
	year = {2013},
	location = {Lake Tahoe, Nevada},
	pages = {3111--3119},
	numpages = {9},
	url = {http://dl.acm.org/citation.cfm?id=2999792.2999959},
	acmid = {2999959},
	publisher = {Curran Associates Inc.},
	address = {USA},
} 

@INPROCEEDINGS{Pennington14glove:global,
	author = {Jeffrey Pennington and Richard Socher and Christopher D. Manning},
	title = {Glove: Global vectors for word representation},
	booktitle = {In EMNLP},
	year = {2014}
}

@article{Hu2016HarnessingDN,
	title={Harnessing Deep Neural Networks with Logic Rules},
	author={Zhiting Hu and Xuezhe Ma and Zhengzhong Liu and Eduard H. Hovy and Eric P. Xing},
	journal={CoRR},
	year={2016},
	volume={abs/1603.06318}
}

@ARTICLE{2015arXiv150504406B,
	author = {{Bach}, S.~H. and {Broecheler}, M. and {Huang}, B. and {Getoor}, L.
	},
	title = "{Hinge-Loss Markov Random Fields and Probabilistic Soft Logic}",
	journal = {ArXiv e-prints},
	archivePrefix = "arXiv",
	eprint = {1505.04406},
	primaryClass = "cs.LG",
	keywords = {Computer Science - Learning, Computer Science - Artificial Intelligence, Statistics - Machine Learning},
	year = 2015,
	month = may,
	adsurl = {http://adsabs.harvard.edu/abs/2015arXiv150504406B},
	adsnote = {Provided by the SAO/NASA Astrophysics Data System}
}

@inproceedings{Kim2014ConvolutionalNN,
	title={Convolutional Neural Networks for Sentence Classification},
	author={Yoon Kim},
	booktitle={EMNLP},
	year={2014}
}

@article{DBLP:journals/corr/Cohen16b,
	author    = {William W. Cohen},
	title     = {TensorLog: {A} Differentiable Deductive Database},
	journal   = {CoRR},
	volume    = {abs/1605.06523},
	year      = {2016},
	url       = {http://arxiv.org/abs/1605.06523},
	archivePrefix = {arXiv},
	eprint    = {1605.06523},
	timestamp = {Wed, 07 Jun 2017 14:43:06 +0200},
	biburl    = {http://dblp.org/rec/bib/journals/corr/Cohen16b},
	bibsource = {dblp computer science bibliography, http://dblp.org}
}